@inproceedings{yuan2013and,
  title={Who, where, when and what: discover spatio-temporal topics for twitter users},
  author={Yuan, Quan and Cong, Gao and Ma, Zongyang and Sun, Aixin and Thalmann, Nadia Magnenat},
  booktitle={Proceedings of the 19th ACM SIGKDD international conference on Knowledge discovery and data mining},
  pages={605--613},
  year={2013},
  organization={ACM}
}

@article{yuan2015and,
  title={Who, where, when, and what: A nonparametric bayesian approach to context-aware recommendation and search for twitter users},
  author={Yuan, Quan and Cong, Gao and Zhao, Kaiqi and Ma, Zongyang and Sun, Aixin},
  journal={ACM Transactions on Information Systems (TOIS)},
  volume={33},
  number={1},
  pages={2},
  year={2015},
  publisher={ACM}
}

@article{song2010limits,
  title={Limits of predictability in human mobility},
  author={Song, Chaoming and Qu, Zehui and Blumm, Nicholas and Barab{\'a}si, Albert-L{\'a}szl{\'o}},
  journal={Science},
  volume={327},
  number={5968},
  pages={1018--1021},
  year={2010},
  publisher={American Association for the Advancement of Science}
}

@inproceedings{wang2015geo,
  title={Geo-SAGE: A geographical sparse additive generative model for spatial item recommendation},
  author={Wang, Weiqing and Yin, Hongzhi and Chen, Ling and Sun, Yizhou and Sadiq, Shazia and Zhou, Xiaofang},
  booktitle={Proceedings of the 21th ACM SIGKDD International Conference on Knowledge Discovery and Data Mining},
  pages={1255--1264},
  year={2015},
  organization={ACM}
}

@article{liu2017experimental,
  title={An experimental evaluation of point-of-interest recommendation in location-based social networks},
  author={Liu, Yiding and Pham, Tuan-Anh Nguyen and Cong, Gao and Yuan, Quan},
  journal={Proceedings of the VLDB Endowment},
  volume={10},
  number={10},
  pages={1010--1021},
  year={2017},
  publisher={VLDB Endowment}
}

@article{yin2016joint,
  title={Joint modeling of user check-in behaviors for real-time point-of-interest recommendation},
  author={Yin, Hongzhi and Cui, Bin and Zhou, Xiaofang and Wang, Weiqing and Huang, Zi and Sadiq, Shazia},
  journal={ACM Transactions on Information Systems (TOIS)},
  volume={35},
  number={2},
  pages={11},
  year={2016},
  publisher={ACM}
}

@article{zhuang2017sns,
  title={SNS user classification and its application to obscure POI discovery},
  author={Zhuang, Chenyi and Ma, Qiang and Yoshikawa, Masatoshi},
  journal={Multimedia Tools and Applications},
  volume={76},
  number={4},
  pages={5461--5487},
  year={2017},
  publisher={Springer}
}

@inproceedings{gao2015content,
  title={Content-aware point of interest recommendation on location-based social networks},
  author={Gao, Huiji and Tang, Jiliang and Hu, Xia and Liu, Huan},
  booktitle={Twenty-Ninth AAAI Conference on Artificial Intelligence},
  year={2015}
}

@article{馬強2017観光情報学の最前線,
  title={観光情報学の最前線-観光の分散化と個人化を促進する集合知活用情報技術},
  author={馬強 and others},
  journal={情報処理},
  volume={58},
  number={3},
  pages={220--226},
  year={2017}
}

@article{馬強2019観光の分散化と個人化の実現に向けたユーザ生成コンテンツの分析と利活用技術について,
  title={観光の分散化と個人化の実現に向けたユーザ生成コンテンツの分析と利活用技術について},
  author={馬強},
  journal={システム/制御/情報},
  volume={63},
  number={1},
  pages={32--37},
  year={2019},
  publisher={一般社団法人 システム制御情報学会}
}

@article{kinoue,
  title={ジオソーシャル写真を用いた観光スポットの検知と景観評価},
  author={木上 智貴, 馬 強}
}

@article{thomee2016yfcc100m,
  title={YFCC100M: The new data in multimedia research},
  author={Thomee, Bart and Shamma, David A and Friedland, Gerald and Elizalde, Benjamin and Ni, Karl and Poland, Douglas and Borth, Damian and Li, Li-Jia},
  journal={Communications of the ACM},
  volume={59},
  number={2},
  pages={64--73},
  year={2016},
  publisher={ACM New York, NY, USA}
}

@article{hoffman2014no,
  title={The No-U-Turn sampler: adaptively setting path lengths in Hamiltonian Monte Carlo.},
  author={Hoffman, Matthew D and Gelman, Andrew},
  journal={Journal of Machine Learning Research},
  volume={15},
  number={1},
  pages={1593--1623},
  year={2014}
}

@article{zhou2017places,
   title={Places: A 10 million Image Database for Scene Recognition},
   author={Zhou, Bolei and Lapedriza, Agata and Khosla, Aditya and Oliva, Aude and Torralba, Antonio},
   journal={IEEE Transactions on Pattern Analysis and Machine Intelligence},
   year={2017},
   publisher={IEEE}
 }

@article{kingma2014adam,
  title={Adam: A method for stochastic optimization},
  author={Kingma, Diederik P and Ba, Jimmy},
  journal={arXiv preprint arXiv:1412.6980},
  year={2014}
}

@inproceedings{first-coherence,
Title = {Reading Tea Leaves: How Humans Interpret Topic Models},
Author = {Jonathan Chang and Jordan Boyd-Graber and Chong Wang and Sean Gerrish and David M. Blei},
Booktitle = {Neural Information Processing Systems},
Year = {2009},
Location = {Vancouver, BC},
Url = {http://umiacs.umd.edu/~jbg//docs/nips2009-rtl.pdf},
}

@article{blei2003latent,
  title={Latent dirichlet allocation},
  author={Blei, David M and Ng, Andrew Y and Jordan, Michael I},
  journal={Journal of machine Learning research},
  volume={3},
  number={Jan},
  pages={993--1022},
  year={2003}
}

@inproceedings{newman2010automatic,
  title={Automatic evaluation of topic coherence},
  author={Newman, David and Lau, Jey Han and Grieser, Karl and Baldwin, Timothy},
  booktitle={Human language technologies: The 2010 annual conference of the North American chapter of the association for computational linguistics},
  pages={100--108},
  year={2010}
}

@inproceedings{mimno2011optimizing,
  title={Optimizing semantic coherence in topic models},
  author={Mimno, David and Wallach, Hanna and Talley, Edmund and Leenders, Miriam and McCallum, Andrew},
  booktitle={Proceedings of the 2011 Conference on Empirical Methods in Natural Language Processing},
  pages={262--272},
  year={2011}
}

@inproceedings{ference2013location,
  title={Location recommendation for out-of-town users in location-based social networks},
  author={Ference, Gregory and Ye, Mao and Lee, Wang-Chien},
  booktitle={Proceedings of the 22nd ACM international conference on Information \& Knowledge Management},
  pages={721--726},
  year={2013}
}

@inproceedings{yin2013lcars,
  title={LCARS: a location-content-aware recommender system},
  author={Yin, Hongzhi and Sun, Yizhou and Cui, Bin and Hu, Zhiting and Chen, Ling},
  booktitle={Proceedings of the 19th ACM SIGKDD international conference on Knowledge discovery and data mining},
  pages={221--229},
  year={2013}
}

@inproceedings{sun2020dexa,
  author="Sun, Junjie and Kinoue, Tomoki and Ma, Qiang",
  editor="Hartmann, Sven and K{\"u}ng, Josef and Kotsis, Gabriele and Tjoa, A. Min and Khalil, Ismail",
  title="A City Adaptive Clustering Framework for Discovering POIs with Different Granularities",
  booktitle="Database and Expert Systems Applications",
  year="2020",
  publisher="Springer International Publishing",
  address="Cham",
  pages="425--434",
  isbn="978-3-030-59003-1"
}
